 @misc{obspy, author = {Obspy},title={ObsPy: A python toolbox for seismology/seismological observatories.}, url={https://github.com/obspy/obspy}, journal={GitHub}} 

@article{vanderkulk1965,
  author = {W. Vanderkulk, F. Rosen, S. Lorenz},
  title = {Large Aperture Seismic Array Signal Processing Study},
  journal = {IBM Final Report},
  year = {1965},
}

@article{stewart1977,
  author = {S. Stewart},
  title = {Real-time detection and location of local seismic events
in central California},
  journal = {Bulletin of the Seismological Society of
America},
  volume = {67},
  number = {2},
  pages={443--452},
  year = {1977},
  doi = {10.1785/BSSA0670020433},
  url = {https://doi.org/10.1785/BSSA0670020433}
}

@article{allen1978,
  author = {R. Allen},
  title = {Automatic earthquake recognition and timing from single
traces},
  journal = {Bulletin of the Seismological Society of
America},
  volume = {68},
  number = {5},
  pages={1521--1532},
  year = {1978},
  doi = {10.1785/BSSA0680051521},
  url = {https://doi.org/10.1785/BSSA0680051521}
}

@article{allen1982,
  author = {R. Allen},
  title = {Automatic phase pickers: their present use and
future prospects},
  journal = {Bulletin of the Seismological Society of
America},
  volume = {72},
  number = {6},
  pages={225--242},
  year = {1982},
  doi = {10.1785/BSSA07206B0225},
  url = {https://doi.org/10.1785/BSSA07206B0225}
}

@article{baer1987,
  author = {M. Baer, U. Kradolfer},
  title = {An automatic phase picker for local and teleseismic events},
  journal = {Bulletin of the Seismological Society of
America},
  volume = {77},
  number = {4},
  pages={1437--1445},
  year = {1987},
  doi = {10.1785/BSSA0770041437},
  url = {https://doi.org/10.1785/BSSA0770041437}
}

@article{wither1998,
  author = {Withers},
  title = {A comparison of select trigger algorithms for automated global seismic phase and event detection},
  journal = {Bulletin of the Seismological Society of
America},
  volume = {88},
  number = {1},
  pages={95--106},
  year = {1982},
  doi = {10.1785/BSSA0880010095},
  url = {https://10.1785/BSSA0880010095}
}

@article{kuperkoch2010,
    author = {L. Küperkoch},
    title = "{Automated determination of P-phase arrival times at regional and local distances using higher order statistics}",
    journal = {Geophysical Journal International},
    volume = {181},
    number = {2},
    pages = {1159-1170},
    year = {2010},
    month = {05},
    issn = {0956-540X},
    doi = {10.1111/j.1365-246X.2010.04570.x},
    url = {https://doi.org/10.1111/j.1365-246X.2010.04570.x},
}

@misc{probatoire,
  author  = {Olivier Cuenot},
  title   = {Les algorithmes de détection automatique d'ondes sismiques},
  year = {2003}
}


@article{bormann2012,
  author = {P. Bormann},
  title = {Automated Event and Phase Identification},
  journal = {New Manual of Seismological Observatory Practice (NMSOP-2)},
  year = {2012},
  doi = {10.2312/GFZ.NMSOP-2_ch16},
  url = {https://doi.org/10.2312/GFZ.NMSOP-2_ch16}
}

@article{trnkoczy2012,
  author = {A. Trnkoczy},
  title = {Understanding and parameter setting of STA/LTA trigger algorithm.},
  journal = {New Manual of Seismological Observatory Practice (NMSOP-2)},
  year = {2012},
  doi = {0.2312/GFZ.NMSOP-2_IS_8.1},
  url = {https://doi.org/0.2312/GFZ.NMSOP-2_IS_8.1}
}

@article{vassallo2012,
author = {M. Vassallo,  C. Satriano, A. Lomax},
year = {2012},
month = {05},
pages = {541-554},
title = {Automatic Picker Developments and Optimization: A Strategy for Improving the Performances of Automatic Phase Pickers},
volume = {83},
journal = {Seismological Research Letters},
doi = {10.1785/gssrl.83.3.541}
}

@phdthesis{khalaf2016,
  author  = {A. Khalaf},
  title   = {Développement d’une nouvelle technique de pointé
automatique pour les données de sismique réfraction},
  school  = {Université Pierre et Marie Curie},
  year    = {2016}
}

@article{phasenet2018,
author = {Zhu. Weiqiang, Gregory. Beroza},
year = {2018},
month = {03},
pages = {},
title = {PhaseNet: A Deep-Neural-Network-Based Seismic Arrival Time Picking Method},
volume = {216},
journal = {Geophysical Journal International},
doi = {10.1093/gji/ggy423}
}

@article{lumban2021,
doi = {10.1088/1755-1315/873/1/012060},
url = {https://dx.doi.org/10.1088/1755-1315/873/1/012060},
year = {2021},
month = {oct},
publisher = {IOP Publishing},
volume = {873},
number = {1},
author = {Y. Gaol Lumban Gaol},
title = {Preliminary Results of Automatic P-Wave Regional Earthquake Arrival Time Picking Using Machine Learning with STA/LTA As the Input Parameters},
journal = {IOP Conference Series: Earth and Environmental Science},
}